@online{IMG_ExonsIntronsIntergenica,
    subtitle      = {Site},
    author        = {Forluvoft},
    title         = {Gene2-plain.svg},
    url           = {http://en.wikipedia.org/wiki/File:Gene2-plain.svg},
    urlaccessdate = {23 jan. 2014},
    year          = {2007}
}

@online{IMG_EstruturaDNA,
    subtitle      = {Site},
    author        = {Ball, Madeleine Price and Lijealso},
    title         = {DNA chemical structure.svg},
    url           = {http://pt.wikipedia.org/wiki/Ficheiro:DNA_chemical_structure_pt.svg}, 
    urlaccessdate = {23 jan. 2014},
    year          = {2013}
}