@inproceedings{Kayastha2017EnablingCompetition,
    title = {{Enabling innovation through community and competition}},
    year = {2017},
    booktitle = {2017 IEEE Women in Engineering (WIE) Forum USA East},
    author = {Kayastha, Christina},
    month = {11},
    pages = {1--4},
    publisher = {IEEE},
    url = {http://ieeexplore.ieee.org/document/8285608/},
    isbn = {978-1-5386-1940-7},
    doi = {10.1109/WIE.2017.8285608}
}

@inproceedings{Gama2017PreliminaryHackathons,
    title = {{Preliminary Findings on Software Engineering Practices in Civic Hackathons}},
    year = {2017},
    booktitle = {2017 IEEE/ACM 4th International Workshop on CrowdSourcing in Software Engineering (CSI-SE)},
    author = {Gama, Kiev},
    month = {5},
    pages = {14--20},
    publisher = {IEEE},
    url = {http://ieeexplore.ieee.org/document/7972757/},
    isbn = {978-1-5386-4041-8},
    doi = {10.1109/CSI-SE.2017.5}
}

@article{Breiman2001RandomForests,
    title = {{Random Forests}},
    year = {2001},
    journal = {Machine Learning},
    author = {Breiman, Leo},
    number = {1},
    pages = {5--32},
    volume = {45},
    publisher = {Kluwer Academic Publishers},
    url = {http://link.springer.com/10.1023/A:1010933404324},
    doi = {10.1023/A:1010933404324},
    issn = {08856125}
}

@inproceedings{Decker2015UnderstandingLocal,
    title = {{Understanding and improving the culture of hackathons: Think global hack local}},
    year = {2015},
    booktitle = {2015 IEEE Frontiers in Education Conference (FIE)},
    author = {Decker, Adrienne and Eiselt, Kurt and Voll, Kimberly},
    month = {10},
    pages = {1--8},
    publisher = {IEEE},
    url = {http://ieeexplore.ieee.org/document/7344211/},
    isbn = {978-1-4799-8454-1},
    doi = {10.1109/FIE.2015.7344211}
}

@article{Komssi2015WhatFor,
    title = {{What are Hackathons for?}},
    year = {2015},
    journal = {IEEE Software},
    author = {Komssi, Marko and Pichlis, Danielle and Raatikainen, Mikko and Kindstrom, Klas and Jarvinen, Janne},
    number = {5},
    month = {9},
    pages = {60--67},
    volume = {32},
    url = {http://ieeexplore.ieee.org/document/6809711/},
    doi = {10.1109/MS.2014.78},
    issn = {0740-7459}
}

@article{Frenkel1990WomenComputing,
    title = {{Women and computing}},
    year = {1990},
    journal = {Communications of the ACM},
    author = {Frenkel, Karen A. and A., Karen},
    number = {11},
    month = {11},
    pages = {34--46},
    volume = {33},
    publisher = {ACM},
    url = {http://portal.acm.org/citation.cfm?doid=92755.92756},
    doi = {10.1145/92755.92756},
    issn = {00010782}
}

@inproceedings{Nyinkeu2017WorkMountain,
    title = {{Work and Play in Software Engineering Training: Experiences from the Silicon Mountain}},
    year = {2017},
    booktitle = {2017 IEEE 30th Conference on Software Engineering Education and Training (CSEE{\&}T)},
    author = {Nyinkeu, Ngatchu Damen and Ngatchu, Henry},
    month = {11},
    pages = {112--116},
    publisher = {IEEE},
    url = {http://ieeexplore.ieee.org/document/8166690/},
    isbn = {978-1-5386-2536-1},
    doi = {10.1109/CSEET.2017.26}
}